@book{book_key,
	address = {City},
	publisher = {Publisher},
	author = {Smith, John},
	title = {Book title},
	year = {2012},
	volume = {3},
	series = {2},
	edition = {1},
	pages = {123--200},
	month = {January}
}

@article{article_key,
	address = {City},
	publisher = {Publisher},
	author = {Smith, James},
	title = {Article title},
	year = {2013},
	volume = {14},
	number = {6},
	pages = {1--8},
	month = {March}
}

@article{Pilleboue:2015:VAM,
  author = {Pilleboue, Adrien and Singh, Gurprit and Coeurjolly, David and Kazhdan, Michael and Ostromoukhov, Victor},
  title = {Variance Analysis for {M}onte {C}arlo Integration},
  journal = sig_tog,
  volume = {34},
  number = {4},
  month = jul,
  year = {2015},
  pages = {124:1--124:14},
  doi = {10.1145/2766930},
  publisher = {ACM},
}

@techreport{durand2011frequency,
  title={A frequency analysis of {Monte}-{Carlo} and other numerical integration schemes},
  author={Durand, Fr\'edo},
  year={2011},
  number = {TR-2011-052},
  institution = {MIT CSAIL}
}

@article{Subr:2013:FAS,
 author = {Subr, Kartic and Kautz, Jan},
 title = {Fourier Analysis of Stochastic Sampling Strategies for Assessing Bias and Variance in Integration},
 journal = sig_tog,
 volume = {32},
 number = {4},
 month = jul,
 year = {2013},
 issn = {0730-0301},
 pages = {128:1--128:12},
 doi = {10.1145/2461912.2462013},
 publisher = {ACM},
}

@Book{Ulichney:87:halftoning,
  year =         "1987",
  author =       "R. Ulichney",
  title =        "Digital Halftoning",
  publisher =    "MIT Press",
}

@inproceedings{Wei:2011:DDA,
 author = {Wei, Li-Yi and Wang, Rui},
 title = {Differential Domain Analysis for Non-uniform Sampling},
 booktitle = {ACM SIGGRAPH 2011 Papers},
 series = {SIGGRAPH '11},
 year = {2011},
 isbn = {978-1-4503-0943-1},
 location = {Vancouver, British Columbia, Canada},
 pages = {50:1--50:10},
 articleno = {50},
 numpages = {10},
 url = {http://doi.acm.org/10.1145/1964921.1964945},
 doi = {10.1145/1964921.1964945},
 acmid = {1964945},
 publisher = {ACM},
 address = {New York, NY, USA},
 keywords = {analysis, differential domain, noise, non-uniform, sampling, spectrum},
}
