
@string{sig_tog = "Transactions on Graphics"}

@article{subr14error,
    author = {Kartic Subr and Derek Nowrouzezahrai and Wojciech Jarosz and Jan Kautz and Kenny Mitchell},
    title = {Error analysis of estimators that use combinations of stochastic sampling strategies for direct illumination},
    journal = {Computer Graphics Forum (Proceedings of EGSR)},
    volume = {33},
    number = {4},
    year = {2014},
    month = jun,
    pages = {93--102},
    DOI = {10.1111/cgf.12416},
    keywords = {variance analysis, Gaussian copula, convergence rate}
}

@inproceedings{arvo1994framework,
  title={A framework for the analysis of error in global illumination algorithms},
  author={Arvo, James and Torrance, Kenneth and Smits, Brian},
  booktitle={Proceedings of the 21st annual conference on Computer graphics and interactive techniques},
  pages={75--84},
  year={1994},
  organization={ACM}
}

@article{smith1995pixel,
  title={A Pixel Is Not A Little Square, A Pixel Is Not A Little Square, A Pixel Is Not A Little Square!},
  author={Smith, Alvy Ray},
  year={1995}
}

@book{GVK394929411,
	added-at = "2009-08-21T12:18:06.000+0200",
	address = "Hoboken, NJ",
	author = "Seber, {George A. F.} and Wild, {Christopher John}",
	biburl = "http://www.bibsonomy.org/bibtex/2a0d33da2a290d07e715a8927e85c7f75/fbw_hannover",
	interhash = "a4923dac264a10b9db95d0f957062cf8",
	intrahash = "a0d33da2a290d07e715a8927e85c7f75",
	isbn = "978-0-471-47135-6",
	keywords = "Nichtlineare\_Regression Mathematische\_Statistik",
	pagetotal = "XX, 768",
	ppn_gvk = "394929411",
	publisher = "Wiley-Interscience",
	series = "{Wiley series in probability and statistics}",
	timestamp = "2009-08-21T12:18:27.000+0200",
	title = "{Nonlinear regression}",
	url = "http://gso.gbv.de/DB=2.1/CMD?ACT=SRCHA&SRT=YOP&IKT=1016&TRM=ppn+394929411&sourceid=fbw_bibsonomy",
	x-fetchedfrom = "Bibsonomy",
	year = 2003
}



@book{engineering2008handbook,
  title={Handbook of Fourier Analysis \& Its Applications},
  author={Marks, Robert J},
  isbn={9780198044307},
  url={https://books.google.co.uk/books?id=Sp7O4bocjPAC},
  year={2008},
  publisher={Oxford University Press, USA}
}

@book{robertc10,
	added-at = "2011-05-09T23:10:52.000+0200",
	address = "New York, NY",
	author = "Robert, C. P. and Casella, G.",
	biburl = "http://www.bibsonomy.org/bibtex/2f114c0b8334142b90a7e1cc2995918c4/josephausterwei",
	interhash = "3bbf83028658edb894ca2fc368ae34ae",
	intrahash = "f114c0b8334142b90a7e1cc2995918c4",
	keywords = "imported",
	publisher = "Springer",
	timestamp = "2011-05-10T10:42:42.000+0200",
	title = "{{M}onte {C}arlo Statistical Methods}",
	x-fetchedfrom = "Bibsonomy",
	year = 2010
}

@inproceedings{Jensen2003Course,
 author = {Jensen, Henrik Wann and Arvo, James and Dutre, Phil and Keller, Alexander and Owen, Art and Pharr, Matt and Shirley, Pete },
 title = {Monte Carlo Ray Tracing},
 booktitle = {ACM SIGGRAPH 2003 Courses},
 series = {SIGGRAPH '03},
 year = {2003},
 location = {San Diego, California},
 publisher = {ACM},
 address = {New York, NY, USA},
} 

@inproceedings{Keller:2012:AMCCourse,
 author = {Keller, Alexander and Premoze, Simon and Raab, Matthias},
 title = {Advanced (Quasi) Monte Carlo Methods for Image Synthesis},
 booktitle = {ACM SIGGRAPH 2012 Courses},
 series = {SIGGRAPH '12},
 year = {2012},
 isbn = {978-1-4503-1678-1},
 location = {Los Angeles, California},
 pages = {21:1--21:46},
 articleno = {21},
 numpages = {46},
 url = {http://doi.acm.org/10.1145/2343483.2343502},
 doi = {10.1145/2343483.2343502},
 acmid = {2343502},
 publisher = {ACM},
 address = {New York, NY, USA},
} 

@inproceedings{Krivanek:2014:RALCourse,
 author = {K\v{r}iv\'{a}nek, Jaroslav and Keller, Alexander and Georgiev, Iliyan and Kaplanyan, Anton S. and Fajardo, Marcos and Meyer, Mark and Nahmias, Jean-Daniel and Karl\'{\i}k, Ond\v{r}ej and Ca\~{n}ada, Juan},
 title = {Recent Advances in Light Transport Simulation: Some Theory and a Lot of Practice},
 booktitle = {ACM SIGGRAPH 2014 Courses},
 series = {SIGGRAPH '14},
 year = {2014},
 isbn = {978-1-4503-2962-0},
 location = {Vancouver, Canada},
 pages = {17:1--17:6},
 articleno = {17},
 numpages = {6},
 url = {http://doi.acm.org/10.1145/2614028.2615438},
 doi = {10.1145/2614028.2615438},
 acmid = {2615438},
 publisher = {ACM},
 address = {New York, NY, USA},
} 

@inproceedings{hachisuka13starpm,
    author = {Toshiya Hachisuka and Wojciech Jarosz and Iliyan Georgiev and Anton Kaplanyan and Derek Nowrouzezahrai},
    title = {State of the Art in Photon Density Estimation},
    booktitle = {ACM SIGGRAPH Asia Courses},
    year = {2013},
    month = nov,
    publisher = {ACM},
    address = {New York, NY, USA},
    location = {Hong Kong, China},
    doi = {10.1145/2542266.2542281}
}

@inproceedings{Keller:2015:PTRCourse,
 author = {Keller, A. and Fascione, L. and Fajardo, M. and Georgiev, I. and Christensen, P. and Hanika, J. and Eisenacher, C. and Nichols, G.},
 title = {The Path Tracing Revolution in the Movie Industry},
 booktitle = {ACM SIGGRAPH 2015 Courses},
 series = {SIGGRAPH '15},
 year = {2015},
 isbn = {978-1-4503-3634-5},
 location = {Los Angeles, California},
 pages = {24:1--24:7},
 articleno = {24},
 numpages = {7},
 url = {http://doi.acm.org/10.1145/2776880.2792699},
 doi = {10.1145/2776880.2792699},
 acmid = {2792699},
 publisher = {ACM},
 address = {New York, NY, USA},
} 

@article{Hill:2015:PBSCourse,
 author = {Hill, Stephen and McAuley, Stephen and Burley, Brent and Chan, Danny and Fascione, Luca and Iwanicki, Micha\l and Hoffman, Naty and Jakob, Wenzel and Neubelt, David and Pesce, Angelo and Pettineo, Matt},
 title = {Physically Based Shading in Theory and Practice},
 booktitle = {ACM SIGGRAPH 2015 Courses},
 series = {SIGGRAPH '15},
 year = {2015},
 isbn = {978-1-4503-3634-5},
 location = {Los Angeles, California},
 pages = {22:1--22:8},
 articleno = {22},
 numpages = {8},
 url = {http://doi.acm.org/10.1145/2776880.2787670},
 doi = {10.1145/2776880.2787670},
 acmid = {2787670},
 publisher = {ACM},
 address = {New York, NY, USA},
} 

@article{Pilleboue:2015:VAM,
  author = {Pilleboue, Adrien and Singh, Gurprit and Coeurjolly, David and Kazhdan, Michael and Ostromoukhov, Victor},
  title = {Variance Analysis for {M}onte {C}arlo Integration},
  journal = sig_tog,
  volume = {34},
  number = {4},
  month = jul,
  year = {2015},
  pages = {124:1--124:14},
  doi = {10.1145/2766930},
  publisher = {ACM},
}

@techreport{durand2011frequency,
  title={A frequency analysis of {Monte}-{Carlo} and other numerical integration schemes},
  author={Durand, Fr\'edo},
  year={2011},
  number = {TR-2011-052},
  institution = {MIT CSAIL}
}

@article{Subr:2013:FAS,
 author = {Subr, Kartic and Kautz, Jan},
 title = {Fourier Analysis of Stochastic Sampling Strategies for Assessing Bias and Variance in Integration},
 journal = sig_tog,
 volume = {32},
 number = {4},
 month = jul,
 year = {2013},
 issn = {0730-0301},
 pages = {128:1--128:12},
 doi = {10.1145/2461912.2462013},
 publisher = {ACM},
}

@Book{Ulichney:87:halftoning,
  year =         "1987",
  author =       "R. Ulichney",
  title =        "Digital Halftoning",
  publisher =    "MIT Press",
}

@InProceedings{Kontkanen2004mcqmc,
  author =    {Janne Kontkanen and Jussi R\&\#228;s\&\#228;nen and Alexander Keller},
  title =     {Irradiance Filtering for Monte Carlo Ray Tracing},
  booktitle = {Monte Carlo and Quasi-Monte Carlo Methods 2004},
  pages =     {259--272},
  year =      {2004},
  publisher = {Springer},
}

@article {Krivanek:2008:RSF,
author = {K{\v{r}}iv{\'a}nek, Jaroslav and Colbert, Mark},
title = {Real-time Shading with Filtered Importance Sampling},
journal = {Computer Graphics Forum (Proc. Eurographics Symposium on Rendering)},
volume = {27},
number = {4},
issn = {1467-8659},
url = {http://dx.doi.org/10.1111/j.1467-8659.2008.01252.x},
doi = {10.1111/j.1467-8659.2008.01252.x},
pages = {1147--1154},
year = {2008},
}

@article{Luchini1994227,
title = "Fourier analysis of numerical integration formulae",
journal = "Computer Physics Communications",
volume = "83",
number = "2â€“3",
pages = "227 - 235",
year = "1994",
note = "",
issn = "0010-4655",
doi = "10.1016/0010-4655(94)90050-7",
url = "http://www.sciencedirect.com/science/article/pii/0010465594900507",
author = "Paolo Luchini"
}

@article{Cov5D,
	added-at = "2013-07-12T00:00:00.000+0200",
	author = "Belcour, Laurent and Soler, Cyril and Subr, Kartic and Holzschuch, Nicolas and Durand, Frédo",
	biburl = "http://www.bibsonomy.org/bibtex/24c2abe5823df4dca64bd99af52d0098e/dblp",
	ee = "http://doi.acm.org/10.1145/2487228.2487239",
	interhash = "d314a9ebf86a49b481b2a4a45b993d37",
	intrahash = "4c2abe5823df4dca64bd99af52d0098e",
	journal = "ACM Trans. Graph.",
	keywords = "dblp",
	number = 3,
	pages = 31,
	timestamp = "2013-08-13T12:59:29.000+0200",
	title = "{5D Covariance tracing for efficient defocus and motion blur.}",
	url = "http://dblp.uni-trier.de/db/journals/tog/tog32.html#BelcourSSHD13",
	volume = 32,
	x-fetchedfrom = "Bibsonomy",
	year = 2013
}

@article{Zhou:2012,
 author = {Zhou, Yahan and Huang, Haibin and Wei, Li-Yi and Wang, Rui},
 title = {Point sampling with general noise spectrum},
 journal = {ACM Trans. Graph. (Proc. SIGGRAPH)},
 issue_date = {July 2012},
 volume = {31},
 number = {4},
 month = jul,
 year = {2012},
 issn = {0730-0301},
 pages = {76:1--76:11},
 articleno = {76},
 numpages = {11},
 url = {http://doi.acm.org/10.1145/2185520.2185572},
 doi = {10.1145/2185520.2185572},
 acmid = {2185572},
 publisher = {ACM},
 address = {New York, NY, USA},
 keywords = {adaptive sampling, noise spectrum, point sampling},
} 


@article{Ramamoorthi:2012,
 author = {Ramamoorthi, Ravi and Anderson, John and Meyer, Mark and Nowrouzezahrai, Derek},
 title = {A theory of monte carlo visibility sampling},
 journal = {ACM Trans. Graph.},
 issue_date = {August 2012},
 volume = {31},
 number = {5},
 month = sep,
 year = {2012},
 issn = {0730-0301},
 pages = {121:1--121:16},
 articleno = {121},
 numpages = {16},
 url = {http://doi.acm.org/10.1145/2231816.2231819},
 doi = {10.1145/2231816.2231819},
 acmid = {2231819},
 publisher = {ACM},
 address = {New York, NY, USA},
 keywords = {Monte Carlo sampling, raytracing, soft shadows, stratified sampling},
} 


@Article{Hamaker:1978:MAC,
  author =	"Hugo C. Hamaker",
  title =	"Miscellanea: Approximating the Cumulative Normal
		 Distribution and its Inverse",
  journal =	"Applied Statistics",
  volume =	"27",
  number =	"1",
  pages =	"76--77",
  year = 	"1978",
  CODEN =	"APSTAG",
  ISSN = 	"0035-9254 (print), 1467-9876 (electronic)",
  bibdate =	"Sat Apr 21 10:22:12 MDT 2001",
  bibsource =	"JSTOR database",
  acknowledgement = "Nelson H. F. Beebe, University of Utah, Department
		 of Mathematics, 110 LCB, 155 S 1400 E RM 233, Salt Lake
		 City, UT 84112-0090, USA, Tel: +1 801 581 5254, FAX: +1
		 801 581 4148, e-mail: \path|beebe@math.utah.edu|,
		 \path|beebe@acm.org|, \path|beebe@computer.org|
		 (Internet), URL:
		 \path|http://www.math.utah.edu/~beebe/|",
}

@Article{Lin:1990:MSL,
  author =	"Jinn Tyan Lin",
  title =	"Miscellanea: {A} Simpler Logistic Approximation to the
		 Normal Tail Probability and its Inverse",
  journal =	"Applied Statistics",
  volume =	"39",
  number =	"2",
  pages =	"255--257",
  year = 	"1990",
  CODEN =	"APSTAG",
  ISSN = 	"0035-9254 (print), 1467-9876 (electronic)",
  MRclass =	"62E15",
  MRnumber =	"1 060 209",
  bibdate =	"Sat Apr 21 10:25:45 MDT 2001",
  bibsource =	"JSTOR database",
  acknowledgement = "Nelson H. F. Beebe, University of Utah, Department
		 of Mathematics, 110 LCB, 155 S 1400 E RM 233, Salt Lake
		 City, UT 84112-0090, USA, Tel: +1 801 581 5254, FAX: +1
		 801 581 4148, e-mail: \path|beebe@math.utah.edu|,
		 \path|beebe@acm.org|, \path|beebe@computer.org|
		 (Internet), URL:
		 \path|http://www.math.utah.edu/~beebe/|",
  mrnumber-url = "http://www.ams.org/mathscinet-getitem?mr=1060209",
}


@Misc{oai:arXiv.org:1107.3013,
  title =	"Linear-Time Poisson-Disk Patterns",
  note = 	"Comment: 4 pages, 2 figures",
  author =	"Thouis R. Jones and David R. Karger",
  year = 	"2011",
  month =	jul # "~15",
  abstract =	"We present an algorithm for generating Poisson-disc
		 patterns taking O(N) time to generate $N$ points. The
		 method is based on a grid of regions which can contain
		 no more than one point in the final pattern, and uses
		 an explicit model of point arrival times under a
		 uniform Poisson process.",
  bibsource =	"OAI-PMH server at export.arxiv.org",
  oai =  	"oai:arXiv.org:1107.3013",
  subject =	"Computer Science - Graphics",
  URL =  	"http://arxiv.org/abs/1107.3013",
}

@article{Wei:2008:PPD:1360612.1360619,
 author = {Wei, Li-Yi},
 title = {Parallel Poisson disk sampling},
 journal = {ACM Trans. Graph. (Proc. SIGGRAPH)},
 volume = {27},
 number = {3},
 year = {2008},
 issn = {0730-0301},
 pages = {20:1--20:9},
 articleno = {20},
 numpages = {9},
 url = {http://doi.acm.org/10.1145/1360612.1360619},
 doi = {http://doi.acm.org/10.1145/1360612.1360619},
 keywords = {GPU techniques, Poisson disk, blue noise, parallel computation, sampling, texture synthesis},
} 

@Article{Ylt83,
  author = "John I. Jr. Yellot",
  title = "Spectral consequences of photoreceptor sampling in the rhesus retina",
  pages = "382--385",
  year = "1983",
  journal = "Science",
}.

@Article{Cook:1986:SSC,
  author =	"Robert L. Cook",
  title =	"Stochastic Sampling in Computer Graphics",
  year = 	"1986",
  month =	jan,
  journal =	"ACM Transactions on Graphics",
  volume =	"5",
  number =	"1",
  pages =	"51--72",
  keywords =	"monte carlo, motion blur, stochastic sampling, depth
		 of field",
}

@InProceedings{mitchell91a,
  author =	"Don P. Mitchell",
  title =	"Spectrally optimal sampling for distribution ray
		 tracing",
  pages =	"157--164",
  journal =	"Computer Graphics (SIGGRAPH '91 Proceedings)",
  volume =	"25",
  number =	"4",
  year = 	"1991",
  month =	jul,
  editor =	"Thomas W. Sederberg",
  conference =	"held in Las Vegas, Nevada; 28 July - 2 August 1991",
  keywords =	"antialiasing, distribution ray tracing, nonuniform
		 sampling, noise perception",
  annote =	"Nonuniform sampling of images is a useful technique in
		 computer graphics, because a properly designed pattern
		 of samples can make aliasing take the form of
		 high-frequency random noise. In this paper, the
		 technique of nonuniform sampling is extended from two
		 dimensions to include the extra parameter dimensions of
		 distribution ray tracing. A condition for optimality is
		 suggested, and algorithms for approximating optimal
		 sampling are developed. The technique is demonstrated
		 at low sampling densities, so the characteristics of
		 aliasing noise are clearly visible. At supersampling
		 rates, this technique should move noise into
		 frequencies above the passband of pixel-reconstruction
		 filter.",
}

@InProceedings{mitchell87a,
  author =	"Don P. Mitchell",
  title =	"Generating Antialiased Images at Low Sampling
		 Densities",
  pages =	"65--72",
  journal =	"Computer Graphics (SIGGRAPH '87 Proceedings)",
  volume =	"21",
  number =	"4",
  year = 	"1987",
  month =	jul,
  editor =	"Maureen C. Stone",
  conference =	"held in Anaheim, California; 27 -- 31 July 1987",
  keywords =	"adaptive sampling, antialiasing, filtering, noise
		 perception, nonuniform sampling, ray tracing,
		 reconstruction",
}

@InProceedings{MF-gi92,
  title =	"Hierarchical {P}oisson disk sampling distributions",
  author =	"Michael McCool and Eugene Fiume",
  booktitle =	"Graphics Interface '92",
  year = 	"1992",
  month =	may,
  pages =	"94--105",
}

@Article{journals/tog/EbeidaDPKMO11,
  title =	"Efficient maximal {P}oisson-disk sampling",
  author =	"Mohamed S. Ebeida and Andrew A. Davidson and Anjul
		 Patney and Patrick M. Knupp and Scott A. Mitchell and
		 John D. Owens",
  journal =	"ACM Trans. Graph",
  year = 	"2011",
  number =	"4",
  volume =	"30",
  bibdate =	"2011-08-09",
  bibsource =	"DBLP,
		 http://dblp.uni-trier.de/db/journals/tog/tog30.html#EbeidaDPKMO11",
  pages =	"49",
  URL =  	"http://doi.acm.org/10.1145/2010324.1964944",
}

@InProceedings{Kollig03-EIHDR,
  author =	"Thomas Kollig and Alexander Keller",
  month =	jun,
  year = 	"2003",
  title =	"Efficient Illumination by High Dynamic Range Images",
  booktitle =	"Proceedings of Eurographics Symposium on Rendering
		 2003",
}

@InProceedings{Wold85,
  author =	"M. A. Z. Dippe and E. H. Wold",
  title =	"Antialiasing Through Stochastic Sampling",
  booktitle =	"{ACM} {SIGGRAPH} '85)",
  year = 	"1985",
  editor =	"B. A. Barsky",
  pages =	"69--78",
}

@Article{Lloyd.82,
  author =	"S. P. Lloyd",
  title =	"Least squares quantization in {PCM}\@",
  journal =	"IEEE Transactions on Information Theory",
  volume =	"28",
  pages =	"128--137",
  year = 	"1982",
  comment =	"Reference from PRNN",
}

@Article{acmalg440,
  author =	"L. J. Gallaher",
  title =	"A Multidimensional {Monte} {Carlo} Quadrature with
		 Adaptive Stratified Sampling",
  volume =	"16",
  number =	"1",
  pages =	"49--50",
  year = 	"1973",
  month =	jan,
  journal =	"Commun. ACM",
}

@Article{journals/cgf/LagaeD08,
  title =	"A Comparison of Methods for Generating Poisson Disk
		 Distributions",
  author =	"Ares Lagae and Philip Dutr{\'e}",
  journal =	"Comput. Graph. Forum",
  year = 	"2008",
  number =	"1",
  volume =	"27",
  bibdate =	"2008-09-18",
  bibsource =	"DBLP,
		 http://dblp.uni-trier.de/db/journals/cgf/cgf27.html#LagaeD08",
  pages =	"114--129",
  URL =  	"http://dx.doi.org/10.1111/j.1467-8659.2007.01100.x",
}



@article{Fattal11,   
author = {Fattal, Raanan},   
title = {Blue-Noise Point Sampling using Kernel Density Model},   
journal = {ACM SIGGRAPH 2011 papers},   
volume = {28},   
number = {3},   
year = {2011},   
issn = {0730-0301},   
pages = {1--10},   
doi = {http://doi.acm.org/10.1145/1531326.1531328},   
publisher = {ACM},   
address = {New York, NY, USA},   
}  


@article{Dunbar:2006:SDS:1141911.1141915,
 author = {Dunbar, Daniel and Humphreys, Greg},
 title = {A spatial data structure for fast Poisson-disk sample generation},
 journal = {ACM Trans. Graph.},
 volume = {25},
 issue = {3},
 month = {July},
 year = {2006},
 issn = {0730-0301},
 pages = {503--508},
 numpages = {6},
 url = {http://doi.acm.org/10.1145/1141911.1141915},
 doi = {http://doi.acm.org/10.1145/1141911.1141915},
 acmid = {1141915},
 publisher = {ACM},
 address = {New York, NY, USA},
 keywords = {Poisson disk, blue noise, sampling},
} 

@Article{Gamito:2009:AMP,
  author =	"Manuel N. Gamito and Steve C. Maddock",
  title =	"Accurate multidimensional {Poisson}-disk sampling",
  journal =	"ACM Transactions on Graphics",
  volume =	"29",
  number =	"1",
  pages =	"8:1--8:19",
  month =	dec,
  year = 	"2009",
  articleno =	"8",
  fjournal =	"ACM Transactions on Graphics",
  keywords =	"Accurate Poisson-disk sampling; dart throwing; maximal
		 sampling; multidimensional sampling; spatial
		 subdivision",
  doi-url =	"http://dx.doi.org/10.1145/1640443.1640451",
}


@article{Ostromoukhov:2007:SP:1275808.1276475,
 author = {Ostromoukhov, Victor},
 title = {Sampling with polyominoes},
 journal = {ACM Trans. Graph. (Proc. SIGGRAPH)},
 issue_date = {July 2007},
 volume = {26},
 number = {3},
 month = jul,
 year = {2007},
 issn = {0730-0301},
 pages = {78:1--78:6},
 url = {http://doi.acm.org/10.1145/1276377.1276475},
 doi = {10.1145/1276377.1276475},
 acmid = {1276475},
}


@inproceedings{Cohen:2003,
 author = {Cohen, Michael F. and Shade, Jonathan and Hiller, Stefan and Deussen, Oliver},
 title = {Wang Tiles for image and texture generation},
 booktitle = {ACM SIGGRAPH 2003 Papers},
 series = {SIGGRAPH '03},
 year = {2003},
 isbn = {1-58113-709-5},
 pages = {287--294},
 numpages = {8},
 url = {http://doi.acm.org/10.1145/1201775.882265},
 doi = {http://doi.acm.org/10.1145/1201775.882265},
 acmid = {882265},
 keywords = {Poisson distributions, Wang Tiles, non-periodic tiling, texture synthesis},
} 


@book{keller2002stratification,
  title={Stratification by Rank-1-Lattices},
  author={Keller, A.},
  series={Interner Bericht},
  url={http://books.google.co.uk/books?id=yz-vHAAACAAJ},
  year={2002},
  publisher={Universit{\"a}t Kaiserslautern, Fachbereich Informatik}
}


@article{Balzer:2009:CPD:1531326.1531392,
 author = {Balzer, Michael and Schl\"{o}mer, Thomas and Deussen, Oliver},
 title = {Capacity-constrained point distributions: a variant of Lloyd's method},
 journal = {ACM Trans. Graph.},
 issue_date = {August 2009},
 volume = {28},
 issue = {3},
 month = jul,
 year = {2009},
 issn = {0730-0301},
 pages = {86:1--86:8},
 articleno = {86},
 numpages = {8},
 url = {http://doi.acm.org/10.1145/1531326.1531392},
 doi = {http://doi.acm.org/10.1145/1531326.1531392},
 acmid = {1531392},
 publisher = {ACM},
 address = {New York, NY, USA},
 keywords = {Lloyd's method, Poisson disk point sets, Voronoi tessellations, blue noise, capacity constraint, importance sampling},
} 

@Article{ulichney88a,
  author =	"Robert A. Ulichney",
  title =	"Dithering with blue noise",
  journal =	"Proc. IEEE",
  volume =	"76",
  number =	"1",
  year = 	"1988",
  month =	jan,
}

@article{Bowers:2010:PPD:1882261.1866188,
 author = {Bowers, John and Wang, Rui and Wei, Li-Yi and Maletz, David},
 title = {Parallel Poisson disk sampling with spectrum analysis on surfaces},
 journal = {ACM Trans. Graph. (Proc. SIGGRAPH Asia)},
 volume = {29},
 number = {6},
 year = {2010},
 issn = {0730-0301},
 pages = {166:1--166:10},
 articleno = {166},
 numpages = {10},
 url = {http://doi.acm.org/10.1145/1882261.1866188},
 doi = {http://doi.acm.org/10.1145/1882261.1866188},
 acmid = {1866188},
 keywords = {GPU, Poisson disk sampling, manifold surface, mesh Laplacian, parallel computation, spectrum analysis},
} 

@article{Wei:2011:DDA,
 author = {Wei, Li-Yi and Wang, Rui},
 title = {Differential domain analysis for non-uniform sampling},
 journal = sig_tog,
 volume = {30},
 number = {4},
 year = {2011},
 issn = {0730-0301},
 pages = {50:1--50:10},
 articleno = {50},
 numpages = {10},
 url = {http://doi.acm.org/10.1145/2010324.1964945},
 doi = {http://doi.acm.org/10.1145/2010324.1964945},
 acmid = {1964945},
 keywords = {analysis, differential domain, noise, non-uniform, sampling, spectrum},
}

@article{Pauly:2005,
 author = {Pauly, Mark and Keiser, Richard and Adams, Bart and Dutr\'{e}, Philip and Gross, Markus and Guibas, Leonidas J.},
 title = {Meshless animation of fracturing solids},
 booktitle = {ACM SIGGRAPH 2005 Papers},
 series = {SIGGRAPH '05},
 year = {2005},
 pages = {957--964},
 numpages = {8},
}

@InProceedings{SubrA07,
  title =	"Statistical Hypothesis Testing for Assessing {Monte}
		 {Carlo} Estimators: {Applications} to Image Synthesis",
  author =	"Kartic Subr and James Arvo",
  bibdate =	"2008-08-20",
  bibsource =	"DBLP,
		 http://dblp.uni-trier.de/db/conf/pg/pg2007.html#SubrA07",
  booktitle =	"Pacific Graphics 2007",
  year = 	"2007",
  ISBN = 	"978-0-7695-3009-3",
  pages =	"106--115",
  URL =  	"http://doi.ieeecomputersociety.org/10.1109/PG.2007.55",
}

@InProceedings{Shirley91-DQMSD,
  author =	"Peter Shirley",
  month =	sep,
  year = 	"1991",
  title =	"Discrepancy as a Quality Measure for Sampling
		 Distributions",
  booktitle =	"Proc. Eurographics '91",
  pages =	"183--194",
}

@Article{Ripley77,
  author =	"B. Ripley",
  title =	"Modelling spatial patterns",
  journal =	"J. Roy. Statist. Soc. B",
  volume =	"39",
  pages =	"172--212",
  year = 	"1977",
  keywords =	"spatial pattern, modelling",
}

@Book{ Matern86,
	author = "Bertil Mat{\'e}rn",
	edition = "2nd",
	isbn = "3540963650",
	keywords = "1986, covariance, spatial\_dependence, statistics, tesis, tinvestigacion, trabajo\_inferencia\_bayesiana",
	posted-at = "2009-05-27 18:42:31",
	publisher = "Springer Verlag",
	title = "{Spatial Variation}",
	url = "http://www.worldcat.org/isbn/3540963650",
	year = "1986"
}

@Article{ Matern60,
	author = "Bertil Mat{\'e}rn",
	title= "Spatial variation",
	journal = "Meddelanden fran Statens Skogsforskningsinstitut",
	volume ="49",
	pages = " 1--144",
	year = "1960"
}

@article{Mitchell:1988,
 author = {Mitchell, Don P. and Netravali, Arun N.},
 title = {Reconstruction filters in computer-graphics},
 journal = {SIGGRAPH Comput. Graph.},
 volume = {22},
 issue = {4},
 month = {June},
 year = {1988},
 issn = {0097-8930},
 pages = {221--228},
 numpages = {8},
 url = {http://doi.acm.org/10.1145/378456.378514},
 doi = {http://doi.acm.org/10.1145/378456.378514},
 acmid = {378514},
 publisher = {ACM},
 address = {New York, NY, USA},
 keywords = {antialiasing, cubic filters, derivative reconstruction, filters, reconstruction, sampling},
} 


@Article{ Fienup:97,
	author = "J. R. Fienup",
	journal = "Appl. Opt.",
	keywords = "",
	number = "32",
	pages = "8352--8357",
	publisher = "OSA",
	title = "Invariant error metrics for image reconstruction",
	volume = "36",
	month = "Nov",
	year = "1997",
	url = "http://ao.osa.org/abstract.cfm?URI=ao-36-32-8352",
	doi = "10.1364/AO.36.008352",
	abstract = "Expressions are derived for the normalized root-mean-square error of an image relative to a reference image. Different versions of the error metric are invariant to different combinations of effects, including the image's (a) being multiplied by a real or complex-valued constant, (b) having a constant added to its phase, (c) being translated, or (d) being complex conjugated and rotated 180{\textdegree}. Invariance to these effects is particularly important for the phase-retrieval problem. One can also estimate the parameters of those effects. Similarly, two wave fronts can be compared, allowing for arbitrary constant (piston) and linear (tilt) phase terms. One can also include a weighting function. The relation between the error metric and other quality measures is derived."
}

@InProceedings{EVL-1995-138,
  pages =	"33--44",
  year = 	"1995",
  title =	"Spatial Domain Characterization and Control of
		 Reconstruction Errors",
  URL =  	"http://visinfo.zib.de/EVlib/Show?EVL-1995-138",
  author =	"R. Machiraju and E. Swan and R. Yagel",
  abstract =	"Reconstruction is imperative whenever an image or a
		 volume needs to be resampled as a result of an af fine
		 or perspective transformation, texture mapping, or
		 volume rendering. We present a new method for the
		 characterization and measurement of reconstruction
		 error. Our method, based on spatial domain error
		 analysis, uses approximation theory to develop error
		 bounds. We provide, for the first time, an efficient
		 way to guarantee an error bound at every point by
		 varying the filter size. We go further to support
		 position-adaptive and data-adaptive reconstruction
		 which adjust filter size to the location of
		 reconstruction and the data in its vicinity. We
		 demonstrate the effectiveness of our methods with
		 suitable 2D and 3D examples.",
  language =	"en",
  month =	jun,
  booktitle =	"Proceedings of the 6th Eurographics Workshop on
		 Rendering",
}

@Article{ arvo2001stratified,
	title = "Stratified sampling of 2-manifolds",
	author = "J. Arvo",
	journal = "SIGGRAPH 2001 Course Notes",
	volume = "29",
	pages = "2",
	year = "2001"
}

@InProceedings{ mitchell1996consequences,
	title = "Consequences of stratified sampling in graphics",
	author = "D.P. Mitchell",
	booktitle = "Proceedings of the 23rd Annual Conference on Computer Graphics and Interactive Techniques",
	pages = "277--280",
	year = "1996",
	organization = "ACM"
}


@TECHREPORT{FredoTR,
  AUTHOR =        {Fr{\'e}do Durand},
  TITLE =         {A Frequency Analysis of {Monte-Carlo} and other Numerical Integration Schemes},
  NUMBER =        {MIT-CSAIL-TR-2011-052},
  INSTITUTION =   {CSAIL, MIT},
  ADDRESS =       {MA},
  YEAR  =         {2011}  
}

@Book{ niederreiter1992quasi,
	title = "Quasi-Monte Carlo Methods",
	author = "H. Niederreiter",
	year = "1992",
	publisher = "John Wiley \& Sons, Ltd"
}


@Book{ chazelle2001discrepancy,
	title = "The discrepancy method: randomness and complexity",
	author = "B. Chazelle",
	year = "2001",
	publisher = "Cambridge Univ Pr"
}

@Article{ heinrich1994quasi,
	title = "Quasi-Monte Carlo methods in computer graphics, part I: The qmcbuffer",
	author = "S. Heinrich and A. Keller and others",
	journal = "Interner Bericht",
	volume = "242",
	pages = "94",
	year = "1994",
	publisher = "Citeseer"
}

@Book{ keller1994quasi,
	title = "A quasi-Monte Carlo algorithm for the global illumination problem in the radiosity setting",
	author = "A. Keller and others",
	year = "1994",
	publisher = "Citeseer"
}

@Article{ keller1996quasi,
	title = "Quasi-Monte Carlo methods in computer graphics: the global illumination problem",
	author = "A. Keller",
	journal = "LECTURES IN APPLIED MATHEMATICS-AMERICAN MATHEMATICAL SOCIETY",
	volume = "32",
	pages = "455--470",
	year = "1996",
	publisher = "AMERICAN MATHEMATICAL SOCIETY"
}

@Article{ dobkin1996computing,
	title = "Computing the discrepancy with applications to supersampling patterns",
	author = "D.P. Dobkin and D. Eppstein and D.P. Mitchell",
	journal = "ACM Transactions on Graphics",
	volume = "15",
	number = "4",
	pages = "354--376",
	year = "1996",
	publisher = "ACM"
}


@Article{ larcher2001walsh,
	title = "Walsh Series Analysis of the {L2}-Discrepancy of Symmetrisized Point Sets",
	author = "G. Larcher and F. Pillichshammer",
	journal = {Monatshefte f{\"u}r Mathematik},
	volume = "132",
	number = "1",
	pages = "1--18",
	year = "2001",
	publisher = "Springer"
}

@inproceedings{DBLP:conf/rt/KellerH01,
  author    = {Alexander Keller and
               Wolfgang Heidrich},
  title     = {Interleaved Sampling},
  booktitle = {Rendering Techniques},
  year      = {2001},
  pages     = {269-276},
  bibsource = {DBLP, http://dblp.uni-trier.de}
}

@article{DBLP:journals/cgf/KolligK02,
  author    = {Thomas Kollig and
               Alexander Keller},
  title     = {Efficient Multidimensional Sampling},
  journal   = {Comput. Graph. Forum (Proc. Eurographics)},
  volume    = {21},
  number    = {3},
  year      = {2002},
  pages     = {557--557},
  ee        = {http://www.eg.org/EG/CGF/volume21/issue3/abstracts/CGF706.HTML},
  bibsource = {DBLP, http://dblp.uni-trier.de}
}

@Article{ neyman1934two,
	title = "On the two different aspects of the representative method: the method of stratified sampling and the method of purposive selection",
	author = "J. Neyman",
	journal = "Journal of the Royal Statistical Society",
	volume = "97",
	number = "4",
	pages = "558--625",
	year = "1934",
	publisher = "JSTOR"
}

@Book{ abramowitz1972handbook,
	title = "Handbook of Mathematical Functions",
	author = "M. Abramowitz and I.A. Stegun",
	year = "1972",
	publisher = "Dover Publications"
}


@book{Pharr:2010:PBR:1854996,
 author = {Pharr, Matt and Humphreys, Greg},
 title = {Physically Based Rendering, Second Edition: From Theory To Implementation},
 year = {2010},
 isbn = {0123750792, 9780123750792},
 edition = {2nd},
 publisher = {Morgan Kaufmann Publishers Inc.},
} 

@inproceedings{DBLP:conf/siggraph/MitchellH92,
  author    = {Don P. Mitchell and
               Pat Hanrahan},
  title     = {Illumination from curved reflectors},
  booktitle = {SIGGRAPH},
  year      = {1992},
  pages     = {283-291},
  ee        = {http://doi.acm.org/10.1145/133994.134082},
  crossref  = {DBLP:conf/siggraph/1992},
  bibsource = {DBLP, http://dblp.uni-trier.de}
}

@InProceedings{Mitchell92-RTID,
  author =	"Don P. Mitchell",
  month =	may,
  year = 	"1992",
  title =	"Ray {Tracing} and {Irregularities} of {Distribution}",
  booktitle =	"Third Eurographics Workshop on Rendering",
  pages =	"61--69",
  address =	"Bristol, UK",
  keywords =	"Monte Carlo, ray tracing",
}


@Book{ qmcBook2006,
	title = "Monte Carlo and Quasi-Monte Carlo methods",
	author = "A. Keller and Stefan Heinrich and Harald Niederreiter",
	year = "2006",
	publisher = "Springer"
}

@article{Oztireli:2012,
 author = {\"{O}ztireli, A. Cengiz and Gross, Markus},
 title = {Analysis and synthesis of point distributions based on pair correlation},
 journal = {ACM Trans. Graph. (Proc. SIGGRAPH Asia)},
 issue_date = {November 2012},
 volume = {31},
 number = {6},
 month = nov,
 year = {2012},
 issn = {0730-0301},
 pages = {170:1--170:10},
 articleno = {170},
 numpages = {10},
 url = {http://doi.acm.org/10.1145/2366145.2366189},
 doi = {10.1145/2366145.2366189},
 acmid = {2366189},
 publisher = {ACM},
 address = {New York, NY, USA},
 keywords = {anti-aliasing, blue-noise, distributions, multi-class, point processes, poisson-disk sampling, sampling},
} 

@article{Soler:2009,
 author = {Soler, Cyril and Subr, Kartic and Durand, Fr{\'e}do and Holzschuch, Nicolas and Sillion, Fran\c{c}ois},
 title = {Fourier depth of field},
 journal = {ACM Trans. Graph.},
 issue_date = {April 2009},
 volume = {28},
 number = {2},
 month = may,
 year = {2009},
 issn = {0730-0301},
 pages = {18:1--18:12},
 articleno = {18},
 numpages = {12},
 url = {http://doi.acm.org/10.1145/1516522.1516529},
 doi = {10.1145/1516522.1516529},
 acmid = {1516529},
 publisher = {ACM},
 address = {New York, NY, USA},
 keywords = {Depth of field, Fourier analysis of light transport, sampling},
} 

@article{Egan:2009,
 author = {Egan, Kevin and Tseng, Yu-Ting and Holzschuch, Nicolas and Durand, Fr{\'e}do and Ramamoorthi, Ravi},
 title = {Frequency analysis and sheared reconstruction for rendering motion blur},
 journal = {ACM Trans. Graph.},
 issue_date = {August 2009},
 volume = {28},
 number = {3},
 month = jul,
 year = {2009},
 issn = {0730-0301},
 pages = {93:1--93:13},
 articleno = {93},
 numpages = {13},
 url = {http://doi.acm.org/10.1145/1531326.1531399},
 doi = {10.1145/1531326.1531399},
 acmid = {1531399},
 publisher = {ACM},
 address = {New York, NY, USA},
 keywords = {anti-aliasing, filter, frequency analysis, light transport, motion blur, reconstruction, sampling, space-time},
} 

@article{Rousselle:2011:ASR:2070781.2024193,
 author = {Rousselle, Fabrice and Knaus, Claude and Zwicker, Matthias},
 title = {Adaptive sampling and reconstruction using greedy error minimization},
 journal = {ACM Trans. Graph.},
 issue_date = {December 2011},
 volume = {30},
 number = {6},
 month = dec,
 year = {2011},
 issn = {0730-0301},
 pages = {159:1--159:12},
 articleno = {159},
 numpages = {12},
 url = {http://doi.acm.org/10.1145/2070781.2024193},
 doi = {10.1145/2070781.2024193},
 acmid = {2024193},
 publisher = {ACM},
 address = {New York, NY, USA},
 keywords = {adaptive sampling and reconstruction},
} 


@article{Ramamoorthi:2004,
 author = {Ramamoorthi, Ravi and Hanrahan, Pat},
 title = {A signal-processing framework for reflection},
 journal = {ACM Trans. Graph.},
 issue_date = {October 2004},
 volume = {23},
 number = {4},
 month = oct,
 year = {2004},
 issn = {0730-0301},
 pages = {1004--1042},
 numpages = {39},
 url = {http://doi.acm.org/10.1145/1027411.1027416},
 doi = {10.1145/1027411.1027416},
 acmid = {1027416},
 publisher = {ACM},
 address = {New York, NY, USA},
 keywords = {BRDF, Fourier analysis, environment maps, illumination, inverse rendering, reflection, signal processing, spherical harmonics},
} 

@article{Durand:2005,
 author = {Durand, Fr{\'e}do and Holzschuch, Nicolas and Soler, Cyril and Chan, Eric and Sillion, Fran\c{c}ois X.},
 title = {A frequency analysis of light transport},
 journal = {ACM Trans. Graph. (Proc. SIGGRAPH)},
 issue_date = {July 2005},
 volume = {24},
 number = {3},
 month = jul,
 year = {2005},
 issn = {0730-0301},
 pages = {1115--1126},
 numpages = {12},
 url = {http://doi.acm.org/10.1145/1073204.1073320},
 doi = {10.1145/1073204.1073320},
 acmid = {1073320},
} 


@ARTICLE{Balakrishnan62, 
author={Balakrishnan, A.}, 
journal={Information Theory, IRE Transactions on}, title={On the problem of time jitter in sampling}, 
year={1962}, 
month={april }, 
volume={8}, 
number={3}, 
pages={226 -236}, 
keywords={Attenuation;Communication system control;Control systems;Entropy;Exponential distribution;Frequency;Information rates;Information theory;Interpolation;Sampling methods;Senior members;Stochastic processes;Timing jitter;Signal sampling/reconstruction;Timing jitters;}, 
doi={10.1109/TIT.1962.1057717}, 
}

@article{Leneman1966347,
title = "Random sampling of random processes: Impulse processes",
journal = "Information and Control",
volume = "9",
number = "4",
pages = "347 - 363",
year = "1966",
note = "",
issn = "0019-9958",
doi = "10.1016/S0019-9958(66)80002-5",
url = "http://www.sciencedirect.com/science/article/pii/S0019995866800025",
author = "Oscar A.Z. Leneman"
}


@ARTICLE{Bremaud03powerspectra,
    author = {Pierre Br{\'e}maud and Laurent Massouli{\'e} and Andrea Ridolfi},
    title = {Power Spectra of Random Spike Fields \& Related Processes},
    journal = {Journal of Applied Probability},
    year = {2003},
    volume = {2002},
    pages = {1116--1146}
}

@ARTICLE{Amidror94spectralanalysis,
    author = {Isaac Amidror and Roger D. Hersch and Victor Ostromoukhov},
    title = {Spectral analysis and minimization of moir{\'e} patterns in color separation},
    journal = {J. Electron. Imaging},
    year = {1994},
    volume = {3},
    pages = {295--317}
}

@Article{ Schlomer11,
	author = {Thomas Schl{\"o}mer and Oliver Deussen},
	title = "Accurate Spectral Analysis of Two-Dimensional Point Sets",
	journal = "Journal of Graphics, GPU, and Game Tools",
	volume = "15",
	number = "3",
	pages = "152--160",
	year = "2011",
	doi = "10.1080/2151237X.2011.609773",
	URL = "http://www.tandfonline.com/doi/abs/10.1080/2151237X.2011.609773",
	eprint = "http://www.tandfonline.com/doi/pdf/10.1080/2151237X.2011.609773"
}


@TECHREPORT{HeckbTR,
  AUTHOR =        {Daniel Heckbert and Thomas Schl{\:o}mer and Oliver Deussen},
  TITLE =         {Aliasing-Free Blue Noise Sampling},
  NUMBER =        {},
  INSTITUTION =   {University of Konstanz},
  ADDRESS =       {Germany},
  YEAR  =         {2012}  
}

@Article{ Schlomer:2011:ASA,
	title = "Accurate Spectral Analysis of Two-Dimensional Point Sets",
	author = {Thomas Schl{\"o}mer and Oliver Deussen},
	journal = "Journal of Graphics, GPU, and Game Tools",
	pages = "152--160",
	volume = "15",
	number = "3",
	year = "2011",
	issn = "2151-237X",
	doi = "http://dx.doi.org/10.1080/2151237X.2011.609773",
	acknowledgement = "Nelson H. F. Beebe, University of Utah, Department of Mathematics, 110 LCB, 155 S 1400 E RM 233, Salt Lake City, UT 84112-0090, USA, Tel: +1 801 581 5254, FAX: +1 801 581 4148, e-mail: \path|beebe@math.utah.edu|, \path|beebe@acm.org|, \path|beebe@computer.org| (Internet), URL: \path|http://www.math.utah.edu/~beebe/|",
	bibdate = "Wed Dec 14 10:31:39 MST 2011",
	bibsource = "http://www.math.utah.edu/pub/tex/bib/jgraphtools.bib",
	CODEN = "????",
	doi-url = "http://dx.doi.org/10.1080/2151237X.2011.609773",
	onlinedate = "21 Oct 2011"
}

@Article{ bar64b,
	title = "The spectral analysis of two-dimensional point processes",
	author = "M. S. Bartlett",
	journal = "Biometrika",
	pages = "299--311",
	volume = "51",
	year = "1964",
	annote = "pointpr"
}

@article{Ouellette_onnumerical,
 author = {Ouellette, Marc J. and Fiume, Eugene},
 title = {On numerical solutions to one-dimensional integration problems with applications to linear light sources},
 journal = {ACM Trans. Graph.},
 issue_date = {October 2001},
 volume = {20},
 number = {4},
 month = oct,
 year = {2001},
 issn = {0730-0301},
 pages = {232--279},
 numpages = {48},
 url = {http://doi.acm.org/10.1145/502783.502785},
 doi = {10.1145/502783.502785},
 acmid = {502785},
}

@article{Lehtinen:2012,
 author = {Lehtinen, Jaakko and Aila, Timo and Laine, Samuli and Durand, Fr{\'e}do},
 title = {Reconstructing the indirect light field for global illumination},
 journal = {ACM Trans. Graph. (Proc. SIGGRAPH)},
 issue_date = {July 2012},
 volume = {31},
 number = {4},
 month = jul,
 year = {2012},
 issn = {0730-0301},
 pages = {51:1--51:10},
 articleno = {51},
 numpages = {10},
 url = {http://doi.acm.org/10.1145/2185520.2185547},
 doi = {10.1145/2185520.2185547},
 acmid = {2185547},
 publisher = {ACM},
 address = {New York, NY, USA},
 keywords = {ambient occlusion, defocus, indirect illumination, light field, motion blur, reconstruction},
} 

@article{Hachisuka:2008,
 author = {Hachisuka, Toshiya and Jarosz, Wojciech and Weistroffer, Richard Peter and Dale, Kevin and Humphreys, Greg and Zwicker, Matthias and Jensen, Henrik Wann},
 title = {Multidimensional adaptive sampling and reconstruction for ray tracing},
 journal = {ACM Trans. Graph. (Proc. SIGGRAPH)},
 issue_date = {August 2008},
 volume = {27},
 number = {3},
 month = aug,
 year = {2008},
 issn = {0730-0301},
 pages = {33:1--33:10},
 articleno = {33},
 numpages = {10},
 url = {http://doi.acm.org/10.1145/1360612.1360632},
 doi = {10.1145/1360612.1360632},
 acmid = {1360632},
} 


@InProceedings{ Dutre94,
	title = "Importance-driven Monte Carlo Light Tracing",
	booktitle = "Proceedings of the Fifth Eurographics Workshop on Rendering",
	author = "Ph. Dutr{\'e} and Y. D. Willems",
	pages = "188--200",
	year = "1994",
	keywords = "monte carlo"
}

@Article{ Shirley96,
	title = "Monte Carlo Techniques for Direct Lighting Calculations",
	author = "Peter Shirley and Changyaw Wang",
	journal = "ACM Transactions on Graphics",
	volume = "15",
	number = "1",
	month = jan,
	year = "1996",
	keywords = "monte carlo"
}
